%
%  An example of a bibliographical database for bibTeX
%
%  Recommended software for maintenance of *.bib files:
%    JabRef, http://jabref.sourceforge.net/
%
%  BEWARE:
%
%    *  If a name contains a capital letter, which must be kept such,
%       use curly brackets ({T}hailand, {HIV}).
%
%  ===========================================================================

@book{b:yarbus67,
  title={Eye movements during perception of complex objects},
  author={Yarbus, Alfred L.},
  year={1967},
  publisher={Springer}
}

@book{b:hartley03,
  title={Multiple view geometry in computer vision},
  author={Hartley, Richard and Zisserman, Andrew},
  year={2003},
  series={Second Edition},
  publisher={Cambridge university press},
  isbn={0521 54051 8}
}

@article{b:wang16,
  title={Realtime {3D} eye gaze animation using a single {RGB} camera},
  author={Wang, Congyi and Shi, Fuhao and Xia, Shihong and Chai, Jinxiang},
  journal={ACM Transactions on Graphics (TOG)},
  volume={35},
  number={4},
  pages={118},
  year={2016},
  publisher={ACM}
}

@article{b:ren14,
  title={Face alignment at 3000 fps via regressing local binary features},
  author={Ren and Cao},
  year={2014},
  journal={},
  publisher={},
}

@article{b:balasubramanian07,
  title={Biased manifold embedding: A framework for person-independent head pose estimation},
  author={Balasubramanian and Nallure and Ye and Panchanathan},
  year={2007},
  journal={IEEE CVPR},
  publisher={},
}

@article{b:fanelli11,
  title={Real time head pose estimation with random regression forests},
  author={Fanelli and Gall and van Gool},
  year={2011},
  journal={IEEE CVPR},
  publisher={},
}

@article{b:ba04,
  title={A probabilistic framework for joint head tracking and pose estimation},
  author={Ba and Odobez},
  year={2004},
  journal={IEEE ICPR},
  publisher={},
}

@article{b:murphychutorian07,
  title={Head pose estimation for driver assistance systems: A robust algorithm and experimental evaluation},
  author={Murphy-Chutorian and Doshi and Trivedi},
  year={2007},
  journal={IEEE ITSC},
  publisher={},
}

@book{b:gourier06,
  title={Head pose estimation on low resolution images},
  author={Gourier et al.},
  year={2006},
  journal={Multimodal Technologies for Perception of Humans.},
  pages={270--280},
  publisher={Springer Berlin Heidelberg},
}

@article{b:murphychutorian09,
  title={Head pose estimation in computer vision: A survey },
  author={Murphy-Chutorian and Trivedi},
  year={2009},
  journal={IEEE PAMI},
  pages={607--626},
  publisher={},
}

@article{b:srinivasan02,
  title={Head pose estimation using view based eigenspaces},
  author={Srinivasan and Boyer},
  year={2002},
  journal={IEEE ?},
  publisher={},
}

@article{b:morency03,
  title={Pose estimation using 3D view-based eigenspaces},
  author={Morency and Sundberg and Darrell},
  year={2003},
  journal={IEEE AMFG},
  publisher={},
}

@article{b:raytchev04,
  title={Head pose estimation by nonlinear manifold learning},
  author={Raytchev and Bisser and Yoda and Sakaue},
  year={2004},
  journal={IEEE ICPR},
  publisher={},
}

@article{b:tenenbaum00,
  title={A global geometric framework for nonlinear dimensionality reduction},
  author={Tenenbaum and de Silva and Langford},
  year={2000},
  journal={Science},
  pages={2319--2323},
  publisher={},
}

@article{b:hansen10,
  title={In the Eye of the Beholder: A Survey of Models for Eyes and Gaze},
  author={Hansen and Ji},
  year={2010},
  journal={IEEE PAMI},
  publisher={},
}

@article{b:zhu12,
  title={Subpixel Eye Gaze Tracking},
  author={Zhu and Yang},
  year={2012},
  journal={},
  publisher={},
}

@article{b:tan02,
  title={Appearance-based Eye Gaze Estimation},
  author={Tan and Kriegman and Ahuja},
  year={2002},
  journal={IEEE WACV},
  publisher={},
}

@article{b:wang03,
  title={Eye Gaze Estimation from a Single Image of One Eye},
  author={Wang and Sung and Venkateswarlu},
  year={2003},
  journal={IEEE ICCV},
  publisher={},
}

@article{b:villanueva08,
  title={A Novel Gaze Estimation System With One Calibration Point},
  author={Villanueva and Cabeza},
  year={2008},
  journal={IEEE SMC},
  publisher={},
}

@article{b:zhang13,
  title={A Method of Gaze Direction Estimation Considering Head Posture},
  author={Zhang and Wang and Xu and Cong},
  year={2013},
  journal={IJSPIPPR},
  publisher={},
}

@article{b:leo14,
  title={Unsupervised Eye Pupil Localization through Differential Geometry and Local Self-Similarity Matching},
  author={Leo and Cazzato and Marco and Distante},
  year={2014},
  journal={},
  publisher={},
}

@article{b:makus13,
  title={Eye pupil localization with an ensemble of randomized trees},
  author={Makus et al.},
  year={2013},
  journal={},
  publisher={},
}

@article{b:wolski16,
  title={Cross spread pupil tracking technique},
  author={Wolski and Mantiuk},
  year={2016},
  journal={},
  publisher={},
}

@article{b:fuhl16,
  title={PupilNet: Convolutional Neural Networks for Robust Pupil Detection},
  author={Fuhl},
  year={2016},
  journal={},
  publisher={},
}

@article{b:george16,
  title={Fast and Accurate Algorithm for Eye Localization for Gaze Tracking in Low Resolution Images},
  author={George},
  year={2016},
  journal={},
  publisher={},
}

@article{b:yucel09,
  title={Resolution of Focus of Attention Using Gaze Direction Estimation and Saliency Computation},
  author={Yücel and Salah},
  year={2009},
  journal={IEEE}
}

% programy -- jak se to tady popisuje?

%Pupil (Kassner, Patera, Bulling
%Tobii
%Megvii: http://www.faceplusplus.com.cn

%% datasety

%Labeled pupils in the wild (2015): http://www.hci.iis.u-tokyo.ac.jp/~cvs/datasets/
%Appearance-based Gaze Estimation in the Wild (Zhang, Sugano, Fritz, Bulling, 2015), odtud MPIIGaze dataset
%Synthes Eyes (2015): https://www.cl.cam.ac.uk/research/rainbow/projects/syntheseyes/
%BioID database: https://www.bioid.com/About/BioID-Face-Database
%seznam dalších datasetů: http://homepages.inf.ed.ac.uk/rbf/CVonline/Imagedbase.htm#face
